@misc{RISK,
  author = {Parker Brothers},
  title = {RISK The World Conquerior Game},
  howpublished = {\url{http://www.hasbro.com/common/instruct/risk.pdf}},
  note = {27/Octubre/2014}
}

@misc{teoriaDeJuegos,
  author = {Alexander Galetovic},
  title = {Microeconomia II},
  howpublished = {\url{http://www.microeconomia.org/documentos_new/apun702.pdf}},
  note = {17/Noviembre/2014}
}


@misc{minimax1,
  author = {Bruno L\'opez Takeyas},
  title = {ALGORITMO MINIMAX},
  howpublished = {\url{http://www.itnuevolaredo.edu.mx/takeyas/Apuntes/Inteligencia Artificial/Apuntes/IA/Minimax.pdf}},
  note = {17/Noviembre/2014}
}


@misc{informacionPerfecta,
  author = {},
  title = {Informaci\'on perfecta, La teoría de juegos, Microeconomía},
  howpublished = {\url{http://centrodeartigo.com/articulos-utiles/article_113471.html}},
  note = {17/Noviembre/2014}
}

@misc{informacionImperfecta,
  author = {},
  title = {Juegos Dinámicos},
  howpublished = {\url{http://www.eco.uc3m.es/docencia/new_juegos/doc/2.2 Dinámicos info imperfecta.pdf}},
  note = {17/Noviembre/2014}
}

@book{russell2004inteligencia,
  title={Inteligencia artificial: un enfoque moderno},
  author={Russell, S.J. and Norvig, P.},
  isbn={9788420540030},
  series={Colecci{\'o}n de Inteligencia Artificial de Prentice Hall},
  year={2004},
  publisher={Pearson Educaci{\'o}n}

@book{bondy1976graph,
  title={Graph Theory with Applications: By J.A. Bondy and U.S.R. Murty},
  author={Bondy, J.A. and Murty, U.S.R.},
  url={http://books.google.com.mx/books?id=1VuKoAEACAAJ},
  year={1976},
  publisher={Macmillan}
}